
@book{huber_informationsintegration_2014,
	location = {Wiesbaden},
	title = {Informationsintegration in dynamischen Unternehmensnetzwerken},
	isbn = {9783658077488},
	url = {http://search.ebscohost.com/login.aspx?direct=true&scope=site&db=nlebk&db=nlabk&AN=869620},
	shorttitle = {Informationsintegration in dynamischen Unternehmensnetzwerken},
	publisher = {Springer Gabler},
	author = {Huber, Sebastian},
	urldate = {2015-04-06},
	date = {2014}
}

@book{breitner_neue_2007,
	location = {Heidelberg},
	title = {Neue Trends im E-Learning},
	isbn = {9783790819175},
	publisher = {Physica-Verl.},
	author = {Breitner, Michael H},
	date = {2007}
}

@book{bode_informationsmanagement_2010,
	location = {Berlin [u.a.]},
	title = {Informationsmanagement in Hochschulen},
	isbn = {9783642047190},
	publisher = {Springer},
	author = {Bode, Arndt},
	date = {2010}
}

@book{breiter_implementierung_2011,
	location = {Heidelberg},
	title = {Implementierung von {IT} service-management Erfolgsfaktoren aus nationalen und internationalen Fallstudien},
	isbn = {9783642184772},
	url = {http://public.eblib.com/choice/publicfullrecord.aspx?p=763572},
	publisher = {Springer},
	author = {Breiter, Andreas and Fischer, Arne},
	urldate = {2015-04-06},
	date = {2011}
}

@book{herzfeldt_untersuchung_2015,
	location = {Wiesbaden},
	title = {Untersuchung der Profitabilität von {IT}-Lösungen Eine Praxisstudie aus Anbietersicht},
	isbn = {9783658088545},
	publisher = {Springer Fachmedien Wiesbaden},
	author = {Herzfeldt, Alexander},
	date = {2015}
}

@book{krcmar_einfuhrung_2015,
	location = {Berlin, Heidelberg},
	title = {Einführung in das Informationsmanagement},
	isbn = {9783662443286},
	publisher = {Springer Gabler},
	author = {Krcmar, Helmut},
	date = {2015}
}

@book{knauer_act_2015,
	location = {Wiesbaden},
	title = {Act Big - Neue Ansätze für das Informationsmanagement Informationsstrategien im Zeitalter von Big Data und digitaler Transformation},
	isbn = {9783658067502},
	publisher = {Springer Fachmedien Wiesbaden {GmbH}},
	author = {Knauer, Dirk},
	date = {2015}
}

@book{vogl_bericht_2013,
	location = {Münster},
	title = {Integriertes Informationsmanagement an der Universität Münster: Abschlussbericht des Projektes MIRO - Münster Information System for Research and Organization},
	isbn = {9783840500534},
	publisher = {{MV} Wissenschaft},
	author = {Vogl, Raimund et al.},
	date = {2013}
}