@book{fis-bildung-172863,
author = "Mintzberg, Henry",
editor = "Hoehlein, Helga",
organization = "",
title = "Die Mintzberg-Struktur. Organisationen effektiver gestalten",
year = "1992",
publisher = "Moderne Industrie",
isbn = "3-478-31470-4",
address="Landsberg, Lech",
}