@incollection{Zarnekow.2004,
Title = {Integriertes Informationsmanagement: Vom Plan, Build, Run zum Source, Make, Deliver},
Author = {Zarnekow, R\"udiger and Brenner, Walter},
Booktitle = {Informationsmanagement: Konzepte und Strategien f\"ur die Praxis},
Pages = {3-24},
Year = {2004},
Address = {Heidelberg},
Editor = {Zarnekow, R\"udiger and Brenner, Walter and Grohmann, Helmut},
Publisher = {dpunkt},
Type = {itsm}
}

